@article{findler_c, title={DrScheme: a programming environment for Scheme}, volume={12}, DOI={10.1017/S0956796801004208}, number={2}, journal={Journal of Functional Programming}, publisher={Cambridge University Press}, author={FINDLER, ROBERT BRUCE and CLEMENTS, JOHN and FLANAGAN, CORMAC and FLATT, MATTHEW and KRISHNAMURTHI, SHRIRAM and STECKLER, PAUL and FELLEISEN, MATTHIAS}, year={2002}, pages={159â€“182}}


@book{ctx2425553500004041,
	title = "Development of Web UX Pattern System for Wordpress Service, and Design Suggestion for Wordpress Theme Filtering Service.",
}

@misc{webpack,
	title = {{Webpack.js
	} JavaScript},
	howpublished = {\url{https://webpack.js.org/}},
	note = {Accessed: 2019-10-20}
}

@misc{react,
	title = {{React.js
	} JavaScript},
	howpublished = {\url{https://reactjs.org/}},
	note = {Accessed: 2019-10-20}
}

@misc{coffee,
	title = {{Coffee Script
	} JavaScript},
	howpublished = {\url{https://coffeescript.org/}},
	note = {Accessed: 2019-10-20}
}

@misc{wars,
	title = {{Browser wars - 1990s
	} JavaScript},
	howpublished = {\url{https://crossbrowsertesting.com/blog/test-automation/history-of-web-browsers/}},
	note = {Accessed: 2019-10-20}
}


@misc{JS1,
	title = {{JavaScript at 20 Years - Brendan Eich
	} JavaScript},
	howpublished = {\url{https://www.youtube.com/watch?v=UZetViiy4jo}},
	note = {Accessed: 2019-10-20}
}

@misc{JS,
	title = {{JavaScript: how it all began
	} JavaScript},
	howpublished = {\url{https://2ality.com/2011/03/javascript-how-it-all-began.html}},
	note = {Accessed: 2019-10-20}
}

@article{Eich:2005:JTY:1090189.1086382,
	author = {Eich, Brendan},
	title = {JavaScript at Ten Years},
	journal = {SIGPLAN Not.},
	issue_date = {September 2005},
	volume = {40},
	number = {9},
	month = sep,
	year = {2005},
	issn = {0362-1340},
	pages = {129--129},
	numpages = {1},
	url = {http://doi.acm.org/10.1145/1090189.1086382},
	doi = {10.1145/1090189.1086382},
	acmid = {1086382},
	publisher = {ACM},
	address = {New York, NY, USA},
} 


@article{Ungar:1987:SPS:38807.38828,
	author = {Ungar, David and Smith, Randall B.},
	title = {Self: The Power of Simplicity},
	journal = {SIGPLAN Not.},
	issue_date = {Dec. 1987},
	volume = {22},
	number = {12},
	month = dec,
	year = {1987},
	issn = {0362-1340},
	pages = {227--242},
	numpages = {16},
	url = {http://doi.acm.org/10.1145/38807.38828},
	doi = {10.1145/38807.38828},
	acmid = {38828},
	publisher = {ACM},
	address = {New York, NY, USA},
} 